@misc{UNSDG4,
  title = {Education - United Nations Sustainable Development},
  howpublished = {\url{https://www.un.org/sustainabledevelopment/education/}},
  note = {Accessed: 2023-02-05}
}